@Misc{vr_vbox_head_set,
  title={Óculos de realidade virtual},
  howpublished={\url{http://www.vrboxes.com}},
  month ={Juny},
  day=03,
  year=2016,
  note = "[Online; accessed 03-Juny-2016]"
}

@Misc{wiki:prototipacao,
  title={Prototipação},
  howpublished={\url{https://pt.wikipedia.org/wiki/Prototipa%C3%A7%C3%A3o}},
  month ={Juny},
  day=03,
  year=2016,
  note = "[Online; accessed 03-Juny-2016]"
}

@Misc{wiki:json,
  title={JSON},
  howpublished={\url{https://pt.wikipedia.org/wiki/JSON}},
  month ={Juny},
  day=03,
  year=2016,
  note = "[Online; accessed 03-Juny-2016]"
}

@Misc{wiki:threejs,
  title={Three.js},
  howpublished={\url{https://en.wikipedia.org/wiki/Three.js}},
  month ={Juny},
  day=03,
  year=2016,
  note = "[Online; accessed 03-Juny-2016]"
}

@Misc{wiki:unity,
  title={Unity},
  howpublished={\url{https://pt.wikipedia.org/wiki/Unity}},
  month ={Juny},
  day=03,
  year=2016,
  note = "[Online; accessed 03-Juny-2016]"
}


@Misc{wiki:virtual_reality,
  title={Virtual Reality},
  howpublished={\url{https://en.wikipedia.org/wiki/Virtual_reality}},
  month ={Juny},
  day=03,
  year=2016,
  note = "[Online; accessed 03-Juny-2016]"
}

@Misc{github:vr_viewer_prototypes,
  title={Repositório do Projeto no GitHub},
  howpublished={\url{https://github.com/humbertodias/vr-viewer-prototypes}},
  month ={Juny},
  day=01,
  year=2016,
  note = "[Online; accessed 01-Juny-2016]"
}

@Misc{playstore:app_vr_viewer_prototypes,
  title={Aplicativo Visualizador de Protótipos com Realidade Virtual},
  howpublished={\url{https://play.google.com/store/apps/details?id=br.vr.viewer.models}},
  month ={Juny},
  day=01,
  year=2016,
  note = "[Online; accessed 01-Juny-2016]"
}

@Misc{youtube:app_vr_viewer_prototypes,
  title={Youtube Visualizador de Protótipos com Realidade Virtual},
  howpublished={\url{https://youtu.be/jAuvG02FWO8}},
  month ={Juny},
  day=01,
  year=2016,
  note = "[Online; accessed 01-Juny-2016]"
}


@Misc{wiki:marshall_mcluhan,
  author={Wikipedia The Free Encyclopedia},
  title={Herbert Marshall McLuhan},
  howpublished={\url{https://pt.wikipedia.org/wiki/Marshall_McLuhan}},
  month ={March},
  day=15,
  year=2016,
  note = "[Online; accessed 15-March-2016]"
}

@Misc{ted:ted_talk_feats_of_memory_anyone_can_do,
  author={Joshua Foer},
  title={TED Talk - Feats of memory anyone can do},
  howpublished={\url{http://www.ted.com/talks/joshua_foer_feats_of_memory_anyone_can_do}},
  month ={March},
  day=15,
  year=2016,
  note = "[Online; accessed 15-March-2016]"
}

@Misc{youtube:abc_monday_conference,
  author={ABC, Monday Conference},
  title={Entrevista com Marshall McLuhan (1977)},
  howpublished={\url{https://www.youtube.com/watch?v=fvRMpS-aGLE}},
  month ={March},
  day=15,
  year=2016,
  note = "[Online; accessed 15-March-2016]"
}
